@ARTICLE{GiChLiPo12,
  author = {Ginelli, F. and Chat\'{e}, H. and Livi, R. and Politi, A.},
  title = {Covariant {Lyapunov} vectors},
  journal = {J. Phys. A},
  year = {2013},
  volume = {46},
  pages = {254005},
  doi = {10.1088/1751-8113/46/25/254005}
}

@BOOK{Trefethen97,
  title = {Numerical Linear Algebra},
  publisher = {SIAM},
  year = {1997},
  author = {L. N. Trefethen and D. Bau},
  address = {Philadelphia}
}


@INPROCEEDINGS{Bojanczyk92theperiodic,
    author = {A. W. Bojanczyk and G. H. Golub and P. Van Dooren},
    title = {The periodic {Schur} decomposition. {Algorithm}s and applications},
    booktitle = {Proc. SPIE Conference},
    volume = {1770},
    year = {1992},
    pages = {31--42}
}
