
@Article{AmZaSa10,
  author =  {J. M. Amig{\'o} and S. Zambrano and M. A. F. Sanju{\'a}n},
  title =   {Permutation complexity of spatiotemporal dynamics},
  journal = {Europhys. Lett.},
  year =    {2010},
  volume =  {90},
  pages =   {10007},
  doi =     {10.1209/0295-5075/90/10007}
}

@Article{AtJaJo10,
  author =  {F. M. Atay and S. Jalan and J. Jost},
  title =   {Symbolic dynamics and synchronization of coupled map networks with multiple delays},
  journal = {Phys. Lett. A },
  year =    {2010},
  volume =  {375},
  pages =   {130--135},
  doi =     {10.1016/j.physleta.2010.10.044}
}

@Article{baranger88,
  author =  {M. Baranger and K. T. R. Davies and J. H. Mahoney},
  title =   {The calculation of periodic trajectories},
  journal = {Ann. Phys.},
  year =    {1988},
  volume =  {186},
  pages =   {95--110},
  doi =     {10.1016/S0003-4916(88)80018-6}
}

@Article{BJNRZ12,
  author =  {B. Barker and M. A. Johnson and P. Noble and L. M. Rodrigues and K. Zumbrun},
  title =   {Stability of periodic { Kuramoto-Sivashinsky} waves},
  journal = {Appl. Math. Lett.},
  year =    {2012},
  volume =  {25},
  pages =   {824--829},
  doi =     {10.1016/j.aml.2011.10.026},
}

@Article{CFGT15,
  author =  {Carmona, V. and Fern{\'a}ndez-S{\'a}nchez, F. and Garc{\'i}a-Medina, E. and Teruel, A. E.},
  title =   {Noose structure and bifurcations of periodic orbits in reversible
              three-dimensional piecewise linear differential systems},
  journal = {J. Nonlin. Sci},
  year =    {2015},
  volume =  {25},
  pages =   {1209--1224},
  doi =     {10.1007/s00332-015-9251-z}
}

@Article{DoLa14,
  author =  {C. Dong and Y. Lan},
  title =   {Organization of spatially periodic solutions of the steady {Kuramoto-Sivashinsky} equation},
  journal = {Commun. Nonlinear Sci. Numer. Simul.},
  year =    {2014},
  volume =  {19},
  pages =   {2140--2153},
  doi =     {10.1016/j.cnsns.2013.09.040}
}

@Article{DoLa14a,
  author =  {C. Dong and Y. Lan},
  title =   {A variational approach to connecting orbits in nonlinear dynamical systems},
  journal = {Phys. Lett. A},
  year =    {2014},
  volume =  {378},
  pages =   {705--712},
  doi =     {10.1016/j.physleta.2014.01.001},
}

@Article{DuIbKo06,
  author =  {Dumortier, F. and Ibanez, S. and Kokubu, H.},
  title =   {Cocoon bifurcation in three-dimensional reversible vector fields},
  journal = {Nonlinearity},
  year =    {2006},
  volume =  {19},
  pages =   {305--328},
  doi =     {10.1088/0951-7715/19/2/004}
}

@Article{EDASRU14,
  author =        {Engl, T. and Dujardin, J. and Arg{\"u}elles, A. and
  Schlagheck, P. and Richter, K. and Urbina, J. D.},
  title =         {Coherent backscattering in {Fock} space: {A} signature
  of quantum many-body interference in interacting bosonic systems},
  journal =       {Phys. Rev. Lett.},
  year =          {2014},
  volume =        {112},
  pages =         {140403},
  doi =           {10.1103/PhysRevLett.112.140403}
}

@Misc{EDUR15,
  author =   {Engl, T. and Urbina, J. D. and Richter, K.},
  title =    {The semiclassical propagator in {Fock} space: dynamical echo and many-body interference},
  year =     {2015},
  addendum = {\arXiv{1511.07234}}
}

@Misc{EnUrRi15,
  author =   {Engl, T. and Urbina, J. D. and Richter, K.},
  title =    {Boson sampling as canonical transformation: {A} semiclassical approach in {Fock} space},
  year =     {2015},
  addendum = {\arXiv{1502.07483}}
}

@Article{EPUR14,
  author =  {Engl, T. and Pl{\"o}ss, P. and Urbina, J. D. and Richter, K.},
  title =   {The semiclassical propagator in fermionic {Fock} space},
  journal = {Theor. Chem. Acc.},
  year =    {2014},
  volume =  {133},
  pages =   {1563},
  doi =     {10.1007/s00214-014-1563-9}
}

@Misc{GutOsi15,
  author =   {Gutkin, B. and {Osipov}, V.},
  title =    {Classical foundations of many-particle quantum chaos},
  year =     {2015},
  addendum = {\arXiv{1503.02676}}
}

@Article{HeiZha07,
  author =  {J. Heidel and F. Zhang},
  title =   {Nonchaotic and chaotic behavior in three-dimensional quadratic systems: {Five}-one conservative cases},
  journal = {Int. J. Bifur. Chaos},
  year =    {2007},
  volume =  {17},
  pages =   {2049--2072},
  doi =     {10.1142/S021812740701821X}
}

@Article{Ishimura02,
  author =  {N. Ishimura},
  title =   {Remarks on third-order {ODEs} relevant to the {Kuramoto-Sivashinsky} equation},
  journal = {J. Diff. Eqn.},
  year =    {2002},
  volume =  {178},
  pages =   {466--477},
  doi =     {10.1006/jdeq.2001.4018},
}

@Incollection{Llibre15,
  author =    {Llibre, J.},
  title =     {The averaging theory for computing periodic orbits},
  booktitle = {Central Configurations, Periodic Orbits, and Hamiltonian Systems},
  publisher = {Springer},
  year =      {2015},
  isbn =      {978-3-0348-0932-0},
  series =    {Advanced Courses in Mathematics - CRM Barcelona},
  pages =     {1--104},
  address =   {Basel},
  doi =       {10.1007/978-3-0348-0933-7_1}
}

@Article{PetCorBol06,
  author =  {Pethel, S. D. and Corron, N. J. and Bollt, E.},
  title =   {Symbolic dynamics of coupled map lattices},
  journal = {Phys. Rev. Lett.},
  year =    {2006},
  volume =  {96},
  pages =   {034105},
  doi =     {10.1103/PhysRevLett.96.034105}
}

@Article{PetCorBol07,
  author =  {Pethel, S. D. and Corron, N. J. and Bollt, E.},
  title =   {Deconstructing spatiotemporal chaos using local symbolic dynamics},
  journal = {Phys. Rev. Lett.},
  year =    {2007},
  volume =  {99},
  pages =   {214101},
  doi =     {10.1103/PhysRevLett.99.214101}
}

@Book{Richter10,
  title =         {Semiclassical Theory of Mesoscopic Quantum Systems},
  publisher =     {Springer},
  year =          {2000},
  author =        {Richter, K.},
  isbn =          {9783662156506},
  address =       {Berlin},
  doi =           {10.1007/BFb0109634},
  url =           {http://www.physik.uni-regensburg.de/forschung/richter/richter/pages/research/springer-tracts-161.pdf}
}

@Article{StaSte11,
  author =  {M. Stanislavova and A. Stefanov},
  title =   {Asymptotic estimates and stability analysis of {Kuramoto-Sivashinsky} type models},
  journal = {J. Evol. Eqs.},
  year =    {2011},
  volume =  {11},
  pages =   {605--635},
  doi =     {10.1007/s00028-011-0103-5}
}

@Article{StrWan02,
  author =  {Strauss, W. and Wang, G.},
  title =   {Instability of traveling waves of the {Kuramoto-Sivashinsky} equation},
  journal = {Chin. Ann. Math.},
  year =    {2002},
  volume =  {23},
  pages =   {267--276},
  doi =     {10.1142/S0252959902000250},
}

@Article{SunKanZha11,
  author =  {Sun, L.-S. and Kang, X.-Y. and Zhang, Q. and Lin, L.-X.},
  title =   {A method of recovering the initial vectors of globally coupled map lattices based on symbolic dynamics},
  journal = {Chin. Phys. B},
  year =    {2011},
  volume =  {20},
  pages =   {120507},
  doi =     {10.1088/1674-1056/20/12/120507}
}

@Article{Wilczak03,
  author =  {D. Wilczak},
  title =   {Chaos in the {Kuramoto-Sivashinsky} equations -- a computer-assisted proof},
  journal = {J. Diff. Eqn..},
  year =    {2003},
  volume =  {194},
  pages =   {433--459},
  doi =     {10.1016/S0022-0396(03)00104-9}
}
